% Belle 2 TDR
@article{Belle-II:2010dht,
    collaboration = "Belle II Collaboration",
    title = "{Belle II Technical Design Report}",
    eprint = "1011.0352",
    archivePrefix = "arXiv",
    primaryClass = "physics.ins-det",
    reportNumber = "KEK-REPORT-2010-1",
    month = "11",
    year = "2010"
}

% Belle 2 Physics paper
@article{Aushev:2010bq,
      author         = "Aushev, T. and Bartel, W. and Bondar, A. and Brodzicka,
                        J. and Browder, T.E. and others",
      title          = "{Physics at Super B Factory}",
      year           = "2010",
      eprint         = "1002.5012",
      archivePrefix  = "arXiv",
      primaryClass   = "hep-ex",
      reportNumber   = "KEK-REPORT-2009-12",

}

% Geant 4
@article{Agostinelli:2002hh,
      author         = "Agostinelli, S. and others",
      title          = "{GEANT4: A Simulation toolkit}",
      collaboration  = "GEANT4 Collaboration",
      journal        = "Nucl.Instrum.Meth.",
      volume         = "A506",
      pages          = "250-303",
      doi            = "10.1016/S0168-9002(03)01368-8",
      year           = "2003",
      reportNumber   = "SLAC-PUB-9350, FERMILAB-PUB-03-339",
}

@Techreport{Bechtle2007,
  author  = {Bechtle, P.},
  title   = {{``Radiative $b \to d$ penguins''}},
  journal = {{Proceedings of the 42nd Rencontres de Moriond}},
  year    = {2007},
}

@article{YuKouLue2013,
  author   = {Yu, Fu-Sheng and Kou, Emi and L{\"u}, Cai-Dian},
  title    = {{``Photon polarization in the $b \to s\gamma$ processes in the left-right symmetric model''}},
  journal  = {\href{http://dx.doi.org/10.1007/JHEP12(2013)102}{Journal of High Energy Physics}},
  year     = {2013},
  volume   = {102},
  pages    = {1--30},
  doi      = {10.1007/JHEP12(2013)102},
  issn     = {1029-8479},
  url      = {http://dx.doi.org/10.1007/JHEP12(2013)102},
}


@article{tracking,
  author     ={"Belle II Tracking Group"},
  title     = "Track Reconstruction at Belle II",
  journal   ={arXiv preprint arXiv:2003.12466},
  year      ={2020},
}

@article{Feldman:1997qc,
      author         = "Feldman, Gary J. and Cousins, Robert D.",
      title          = "{Unified approach to the classical statistical analysis of small signals}",
      journal        = "Phys. Rev. D",
      volume         = "57",
      year           = "1998",
      pages          = "3873-3889",
      doi            = "10.1103/PhysRevD.57.3873",
}

@article{uboost,
    author = "Stevens, Justin and Williams, Mike",
    title = "{uBoost: A boosting method for producing uniform selection efficiencies from multivariate classifiers}",
    eprint = "1305.7248",
    archivePrefix = "arXiv",
    primaryClass = "nucl-ex",
    doi = "10.1088/1748-0221/8/12/P12013",
    journal = "JINST",
    volume = "8",
    pages = "P12013",
    year = "2013"
}

@article{fastbdt,
       author = {{Keck}, Thomas},
        title = "{FastBDT: A speed-optimized and cache-friendly implementation of stochastic gradient-boosted decision trees for multivariate classification}",
      journal = {arXiv e-prints},
     keywords = {Computer Science - Machine Learning},
         year = 2016,
        month = sep,
          eid = {arXiv:1609.06119},
        pages = {arXiv:1609.06119},
archivePrefix = {arXiv},
       eprint = {1609.06119},
 primaryClass = {cs.LG},
}


@article{Belle-II-physics,
    author = "Altmannshofer, W. and others",
    editor = "Kou, E. and Urquijo, P.",
    collaboration = "Belle II Collaboration",
    title = "{The Belle II Physics Book}",
    eprint = "1808.10567",
    archivePrefix = "arXiv",
    primaryClass = "hep-ex",
    reportNumber = "KEK Preprint 2018-27, BELLE2-PUB-PH-2018-001, FERMILAB-PUB-18-398-T, JLAB-THY-18-2780, INT-PUB-18-047, UWThPh 2018-26",
    doi = "10.1093/ptep/ptz106",
    journal = "PTEP",
    volume = "2019",
    number = "12",
    pages = "123C01",
    year = "2019",
    note = "[Erratum: PTEP 2020, 029201 (2020)]"
}

 @misc{EvtGen, 
 title="\texttt{BTOXSGAMMA} model source file", url={https://evtgen.hepforge.org/doc/doxygen/test/EvtBtoXsgammaKagan_8cpp_source.html}, 
 journal={EvtGen - HEPForge}
 } 



@article{EvtGenDocs,
    author = "Ryd, Anders and Lange, David and Kuznetsova, Natalia and Versille, Sophie and Rotondo, Marcello and Kirkby, David P. and Wuerthwein, Frank K. and Ishikawa, Akimasa",
    title = "EvtGen: A Monte Carlo Generator for B-Physics",
    journal = "EVTGEN-V00-11-07",
    month = {5},
    year = {2005}
}

@article{PDG,
  title = {Review of Particle Physics},
  author = {Tanabashi, M. and others},
  collaboration = {Particle Data Group},
  journal = {Phys. Rev. D},
  volume = {98},
  issue = {3},
  pages = {030001},
  numpages = {1898},
  year = {2018},
  month = {Aug},
  publisher = {American Physical Society},
  doi = {10.1103/PhysRevD.98.030001},
  url = {https://link.aps.org/doi/10.1103/PhysRevD.98.030001}
}

@article{simba,
    author = "Bernlochner, Florian U. and Lacker, Heiko and Ligeti, Zoltan and Stewart, Iain W. and Tackmann, Frank J. and Tackmann, Kerstin",
    collaboration = "SIMBA Collaboration",
    title = "{Precision Global Determination of the \BtoXsgamma Decay Rate}",
    eprint = "2007.04320",
    archivePrefix = "arXiv",
    primaryClass = "hep-ph",
    reportNumber = "DESY-20-115, DESY 20-115, MIT-CTP 5220",
    doi = "10.1103/PhysRevLett.127.102001",
    journal = "Phys. Rev. Lett.",
    volume = "127",
    number = "10",
    pages = "102001",
    year = "2021"
}

@article{pizetaveto,
      author       = "Watanuki, Shun and Ishikawa, Akimasa and Uematsu, Yuma and Sato, Yo and Ueno, Takayuki and Ota, Kyohei and Kwon, Youngjoon",
      title        = "$\pi^0$ veto calibration study for EPS-HEP 2021 dataset",
      month        = "Sep",
      year         = "2021",
      reportNumber = "BELLE2-NOTE-TE-2021-025",
      journal = "BELLE2-NOTE-TE-2021-025",
}

@article{Punzi,
    author = "Punzi, Giovanni",
    editor = "Lyons, L. and Mount, R. P. and Reitmeyer, R.",
    title = "{Sensitivity of searches for new signals and its optimization}",
    eprint = "physics/0308063",
    archivePrefix = "arXiv",
    reportNumber = "PHYSTAT-2003-MODT002",
    journal = "eConf",
    volume = "C030908",
    pages = "MODT002",
    year = "2003"
}

@article{relations_for_kagan,
    author = "Ligeti, Zoltan and Stewart, Iain W. and Tackmann, Frank J.",
    title = "{Treating the b quark distribution function with reliable uncertainties}",
    eprint = "0807.1926",
    archivePrefix = "arXiv",
    primaryClass = "hep-ph",
    reportNumber = "MIT-CTP-3955",
    doi = "10.1103/PhysRevD.78.114014",
    journal = "Phys. Rev. D",
    volume = "78",
    pages = "114014",
    year = "2008"
}

@article{BaBarXsGamma,
    author = "Aubert, Bernard and others",
    collaboration = "BaBar Collaboration",
    title = "{Measurement of the $B \to X_s \gamma$ branching fraction and photon energy spectrum using the recoil method}",
    eprint = "0711.4889",
    archivePrefix = "arXiv",
    primaryClass = "hep-ex",
    reportNumber = "SLAC-PUB-13021, BABAR-PUB-07-067",
    doi = "10.1103/PhysRevD.77.051103",
    journal = "Phys. Rev. D",
    volume = "77",
    pages = "051103",
    year = "2008"
}

@article{FEI,
    author = "Keck, T. and others",
    title = "{The Full Event Interpretation}: {An Exclusive Tagging Algorithm for the Belle II Experiment}",
    eprint = "1807.08680",
    archivePrefix = "arXiv",
    primaryClass = "hep-ex",
    reportNumber = "DESY-19-048",
    doi = "10.1007/s41781-019-0021-8",
    journal = "Comput. Softw. Big Sci.",
    volume = "3",
    number = "1",
    pages = "6",
    year = "2019"
}


@article{AKAI2018188,
    author = "Akai, Kazunori and Furukawa, Kazuro and Koiso, Haruyo",
    collaboration = "SuperKEKB Collaboration",
    title = "{SuperKEKB Collider}",
    eprint = "1809.01958",
    archivePrefix = "arXiv",
    primaryClass = "physics.acc-ph",
    doi = "10.1016/j.nima.2018.08.017",
    journal = "Nucl. Instrum. Meth. A",
    volume = "907",
    pages = "188--199",
    year = "2018"
}

@techreport{Ryd:2005zz,
    author = "Ryd, Anders and Lange, David and Kuznetsova, Natalia and Versille, Sophie and Rotondo, Marcello and Kirkby, David P. and Wuerthwein, Frank K. and Ishikawa, Akimasa",
    title = "{EvtGen: A Monte Carlo Generator for B-Physics}",
    reportNumber = "EVTGEN-V00-11-07",
    month = "May",
    year = "2005"
}

@article{Kuhr:2018lps,
    author = "Kuhr, T. and Pulvermacher, C. and Ritter, M. and Hauth, T. and Braun, N.",
    collaboration = "Belle-II Framework Software Group",
    title = "{The Belle II Core Software}",
    eprint = "1809.04299",
    archivePrefix = "arXiv",
    primaryClass = "physics.comp-ph",
    doi = "10.1007/s41781-018-0017-9",
    journal = "Comput. Softw. Big Sci.",
    volume = "3",
    number = "1",
    pages = "1",
    year = "2019"
}

@article{Ward:2002qq,
    author = "Ward, B. F. L. and Jadach, S. and Was, Z.",
    editor = "Blumlein, J. and Jegerlehner, F. and Riemann, T. and Hollik, W. and Kuhn, Johann H.",
    title = "{Precision calculation for $\epem\ra 2f$: The KK MC project}",
    eprint = "hep-ph/0211132",
    archivePrefix = "arXiv",
    reportNumber = "UTHEP-02-0901",
    doi = "10.1016/S0920-5632(03)80147-0",
    journal = "Nucl. Phys. B Proc. Suppl.",
    volume = "116",
    pages = "73--77",
    year = "2003"
}

@article{Sjostrand:2007gs,
    author = "Sjostrand, Torbjorn and Mrenna, Stephen and Skands, Peter Z.",
    title = "{A Brief Introduction to PYTHIA 8.1}",
    eprint = "0710.3820",
    archivePrefix = "arXiv",
    primaryClass = "hep-ph",
    reportNumber = "CERN-LCGAPP-2007-04, LU-TP-07-28, FERMILAB-PUB-07-512-CD-T",
    doi = "10.1016/j.cpc.2008.01.036",
    journal = "Comput. Phys. Commun.",
    volume = "178",
    pages = "852--867",
    year = "2008"
}

@article{hybrid_model,
  title = {Semileptonic $b\ensuremath{\rightarrow}u$ decay},
  author = {Ramirez, Carlos and Donoghue, John F. and Burdman, Gustavo},
  journal = {Phys. Rev. D},
  volume = {41},
  issue = {5},
  pages = {1496--1503},
  numpages = {0},
  year = {1990},
  month = {Mar},
  publisher = {American Physical Society},
  doi = {10.1103/PhysRevD.41.1496},
  url = {https://link.aps.org/doi/10.1103/PhysRevD.41.1496}
}

@article{RevModPhys.88.035008,
  title = {Leptonic and semileptonic decays of ${B}$ mesons},
  author = {Dingfelder, Jochen and Mannel, Thomas},
  journal = {Rev. Mod. Phys.},
  volume = {88},
  issue = {3},
  pages = {035008},
  numpages = {58},
  year = {2016},
  month = {Sep},
  publisher = {American Physical Society},
  doi = {10.1103/RevModPhys.88.035008},
  url = {https://link.aps.org/doi/10.1103/RevModPhys.88.035008}
}

@article{PhysRevD.77.051103,
  title = {Measurement of the $B\ensuremath{\rightarrow}{X}_{s}\ensuremath{\gamma}$ branching fraction and photon energy spectrum using the recoil method},
  author = {Aubert, B. et al.},
  collaboration = {BABAR Collaboration},
  journal = {Phys. Rev. D},
  volume = {77},
  issue = {5},
  pages = {051103},
  numpages = {8},
  year = {2008},
  month = {Mar},
  publisher = {American Physical Society},
  doi = {10.1103/PhysRevD.77.051103},
  url = {https://link.aps.org/doi/10.1103/PhysRevD.77.051103}
}

@article{PhysRevLett.103.241801,
  title = {Measurement of Inclusive Radiative $B$-Meson Decays with a Photon Energy Threshold of 1.7 GeV},
  author = {Limosani, A. \textit{et al.}},
  collaboration = {Belle Collaboration},
  journal = {Phys. Rev. Lett.},
  volume = {103},
  issue = {24},
  pages = {241801},
  numpages = {6},
  year = {2009},
  month = {Dec},
  publisher = {American Physical Society},
  doi = {10.1103/PhysRevLett.103.241801},
  url = {https://link.aps.org/doi/10.1103/PhysRevLett.103.241801}
}

@article{BERTACCHI2021107610,
    author = "Bertacchi, Valerio and others",
    collaboration = "Belle II Tracking Group",
    title = "{Track finding at Belle II}",
    eprint = "2003.12466",
    archivePrefix = "arXiv",
    primaryClass = "physics.ins-det",
    doi = "10.1016/j.cpc.2020.107610",
    journal = "Comput. Phys. Commun.",
    volume = "259",
    pages = "107610",
    year = "2021"
}

@phdthesis{CrystalBall:1986xj,
    author = "Skwarnicki, Tomasz",
    title = "{A study of the radiative CASCADE transitions between the Upsilon-Prime and Upsilon resonances}",
    reportNumber = "DESY-F31-86-02, DESY-F-31-86-02",
    school = "Cracow, INP",
    year = "1986"
}

@article{ALBRECHT1990278,
title = {Search for hadronic $b\ensuremath{\rightarrow}u$ decays},
journal = {Phys. Lett. B},
volume = {241},
number = {2},
pages = {278-282},
year = {1990},
issn = {0370-2693},
doi = {https://doi.org/10.1016/0370-2693(90)91293-K},
url = {https://www.sciencedirect.com/science/article/pii/037026939091293K},
author = {H. Albrecht and others}
}

@article{Belle-II:2020fst,
    author = "Abudin\'en, F. and others",
    collaboration = "Belle II Collaboration",
    title = "{A calibration of the Belle II hadronic tag-side reconstruction algorithm with $B \rightarrow X\ell \nu$ decays}",
    eprint = "2008.06096",
    archivePrefix = "arXiv",
    primaryClass = "hep-ex",
    reportNumber = "BELLE2-CONF-PH-2020-005",
    month = "8",
    year = "2020"
}

@techreport{gamma_eff,
      collaboration = "Belle II Collaboration",
      number      = "BELLE2-NOTE-PL-2021-008",
      url          = "https://docs.belle2.org/record/2604?ln=en",
      title        = "{Measurement of the data to {MC} ratio of photon
                      reconstruction efficiency of the {Belle II} calorimeter using
                      radiative muon pair events}",
      month        = "Sep",
      year         = "2021",
}

@article{HFLAV:2019otj,
    author = "Amhis, Y. and others",
    title = "{Averages of $b$-hadron, $c$-hadron, and $\tau$-lepton properties as of 2021}",
    eprint = "2206.07501",
    archivePrefix = "arXiv",
    primaryClass = "hep-ex",
    month = "6",
    year = "2022"
}

@article{KSFW_moments,
    author = "Lee, S. H. and others",
    editor = "Cheung, H. W. K. and Pratt, T. S.",
    collaboration = "Belle Collaboration",
    title = "{Evidence for $B^0 \to \pi^0 \pi^0$}",
    eprint = "hep-ex/0308040",
    archivePrefix = "arXiv",
    reportNumber = "BELLE-CONF-0354",
    doi = "10.1103/PhysRevLett.91.261801",
    journal = "Phys. Rev. Lett.",
    volume = "91",
    pages = "261801",
    year = "2003"
}


@article{CLEO_cones,
    author = "Asner, D. M. and others",
    collaboration = "CLEO Collaboration",
    title = "{Search for exclusive charmless hadronic B decays}",
    eprint = "hep-ex/9508004",
    archivePrefix = "arXiv",
    reportNumber = "CLNS-95-1338, CLEO-95-8",
    doi = "10.1103/PhysRevD.53.1039",
    journal = "Phys. Rev. D",
    volume = "53",
    pages = "1039--1050",
    year = "1996"
}

@article{Kagan:1998ym,
    author = "Kagan, Alexander L. and Neubert, Matthias",
    title = "{QCD anatomy of \ensuremath{B \rightarrow X_s \gamma} decays}",
    eprint = "hep-ph/9805303",
    archivePrefix = "arXiv",
    reportNumber = "CERN-TH-98-99",
    doi = "10.1007/s100529800959",
    journal = "Eur. Phys. J. C",
    volume = "7",
    pages = "5--27",
    year = "1999"
}

@article{zfit,
    author = "Eschle, Jonas and Puig Navarro, Albert and Silva Coutinho, Rafael and Serra, Nicola",
    title = "{zfit: scalable pythonic fitting}",
    eprint = "1910.13429",
    archivePrefix = "arXiv",
    primaryClass = "physics.data-an",
    doi = "10.1016/j.softx.2020.100508",
    journal = {SoftwareX},
    volume = {11},
    pages = {100508},
    year = {2020},
    issn = {2352-7110},
    doi = {https://doi.org/10.1016/j.softx.2020.100508},
    url = {https://www.sciencedirect.com/science/article/pii/S2352711019303851},
}

@article{ESCHLE2020100508,
title = {zfit: Scalable pythonic fitting},
journal = {SoftwareX},
volume = {11},
pages = {100508},
year = {2020},
issn = {2352-7110},
doi = {https://doi.org/10.1016/j.softx.2020.100508},
url = {https://www.sciencedirect.com/science/article/pii/S2352711019303851},
}

@article{ matching,
	author = {{Sato, Yo} and {Cunliffe, Sam} and {Meier, Frank} and {Zupanc, Anze}},
	title = "{Monte Carlo matching in the Belle~II software}",
	DOI= "10.1051/epjconf/202125103021",
	url= "https://doi.org/10.1051/epjconf/202125103021",
	journal = {EPJ Web Conf.},
	year = 2021,
	volume = 251,
	pages = "03021",
}

@techreport{Hershenhorn:454,
      author       = "Alon Hershenhorn and Torben Ferber and Christopher Hearty",
      title        = "{ECL shower shape variables based on Zernike moments}",
      month        = "Jan",
      year         = "2017",
      number       = "BELLE2-NOTE-TE-2017-001"
}


@article{Workman:2022ynf,
    author = "Workman, R. L.",
    collaboration = "Particle Data Group",
    title = "{Review of Particle Physics}",
    doi = "10.1093/ptep/ptac097",
    journal = "Prog. Theor. Exp. Phys.",
    volume = "2022",
    pages = "083C01",
    year = "2022"
}

@article{Misiak:2020vlo,
    author = "Misiak, M. and Rehman, Abdur and Steinhauser, Matthias",
    title = "{Towards $ \overline{B}\to {X}_s\gamma $ at the NNLO in QCD without interpolation in m$_{c}$}",
    eprint = "2002.01548",
    archivePrefix = "arXiv",
    primaryClass = "hep-ph",
    reportNumber = "TTP20-001, P3H-20-005, IFT-01/2020",
    doi = "10.1007/JHEP06(2020)175",
    journal = "	J. High Energy Phys.",
    volume = "06",
    pages = "175",
    year = "2020"
}

@techreport{Performance:3085,
      collaboration = "Belle II Physics Performance Group",
      title         = "{Performance highlights from Belle II at ICHEP 2022}",
      month         = "Jun",
      year          = "2022",
      number        = "BELLE2-NOTE-PH-2022-035",
}

@article{Misiak:2017bgg,
    author = "Misiak, Mikolaj and Steinhauser, Matthias",
    title = "{Weak radiative decays of the B meson and bounds on $M_{H^\pm }$ in the Two-Higgs-Doublet Model}",
    eprint = "1702.04571",
    archivePrefix = "arXiv",
    primaryClass = "hep-ph",
    reportNumber = "TTP17-004, IFT-1-2017",
    doi = "10.1140/epjc/s10052-017-4776-y",
    journal = "Eur. Phys. J. C",
    volume = "77",
    number = "3",
    pages = "201",
    year = "2017"
}

@article{BaBar:2014omp,
    author = "Bevan, A. J. and others",
    collaboration = "BaBar, Belle Collaboration",
    title = "{The Physics of the B Factories}",
    eprint = "1406.6311",
    archivePrefix = "arXiv",
    primaryClass = "hep-ex",
    reportNumber = "SLAC-PUB-15968, KEK-PREPRINT-2014-3, FERMILAB-PUB-14-262-T",
    doi = "10.1140/epjc/s10052-014-3026-9",
    journal = "Eur. Phys. J. C",
    volume = "74",
    pages = "3026",
    year = "2014"
}

@article{Belle:2014nmp,
    author = "Saito, T. and others",
    collaboration = "Belle Collaboration",
    title = "{Measurement of the $\bar{B} \rightarrow X_s \gamma$ Branching Fraction with a Sum of Exclusive Decays}",
    eprint = "1411.7198",
    archivePrefix = "arXiv",
    primaryClass = "hep-ex",
    reportNumber = "BELLE-PREPRINT-2014-15, KEK-PREPRINT-2014-26",
    doi = "10.1103/PhysRevD.91.052004",
    journal = "Phys. Rev. D",
    volume = "91",
    number = "5",
    pages = "052004",
    year = "2015"
}
@article{BaBar:2012fqh,
    author = "Lees, J. P. and others",
    collaboration = "BaBar Collaboration",
    title = "{Precision Measurement of the $B \to X_s \gamma$ Photon Energy Spectrum, Branching Fraction, and Direct CP Asymmetry $A_{CP}(B \to X_{s+d}\gamma)$}",
    eprint = "1207.2690",
    archivePrefix = "arXiv",
    primaryClass = "hep-ex",
    reportNumber = "SLAC-PUB-15180, BABAR-PUB-12-016",
    doi = "10.1103/PhysRevLett.109.191801",
    journal = "Phys. Rev. Lett.",
    volume = "109",
    pages = "191801",
    year = "2012"
}